@misc{webCrossy,
  title = "Web de Crossy Road",
  howpublished = {\url{http://www.crossyroad.com/}}
}

@misc{wikipediaCrossy,
  title = "Pàgina de la wikipedia de Crossy Road",
  howpublished = {\url{https://en.wikipedia.org/wiki/Crossy_Road}}
}

@misc{preguntaChicken,
  title = "Comentari de {Matt Hall}",
  howpublished = {\url{http://www.smh.com.au/digital-life/macman/more-than-fun-and-games-with-local-developers-20150304-13usxe}}
}

@misc{endlessFrogger1,
  title = "Article al web de Polygon parlant d'un ''Endless Frogger''",
  howpublished = {\url{https://www.polygon.com/2014/11/21/7260459/crossy-road-frogger}}
}

@misc{endlessFrogger2,
  title = "Article a macworld.com parlant d'un ''Endless Frogger''",
  howpublished = {\url{https://www.macworld.com/article/2863065/you-should-play-
  crossy-road-is-basically-endless-frogger-and-thats-a-very-good-thing.html}}
}

@misc{disneyCrossy,
  title = "Article en polygon.com on es parla de la versió de Disney",
  howpublished = {\url{https://www.polygon.com/2016/4/7/11380924/disney-crossy-release-date-mobile}}
}

@misc{starWarsCrossy,
  title = "Article en damobilemob anunciant la versió de Star Wars.",
  howpublished = {\url{http://damobilemob.com/star-wars-crossy-road}}
}

@misc{delayedCrossy,
  title = "Article de lifehacker explicant el delay en Android",
  howpublished = {\url{https://www.lifehacker.com.au/2014/12/why-crossy-roads-developers-launched-on-android-through-amazon/}}
}

@misc{HipsterPressKit,
  title = "Press kit de Hipster whale",
  howpublished = {\url{http://hipsterwhale.com/press}}
}

@misc{crossyPressKit,
  title = "Press kit de Crossy Road",
  howpublished = {\url{http://www.crossyroad.com/press/}}
}

@misc{qubicle,
  title = "Website de Qubicle",
  howpublished = {\url{http://www.minddesk.com/}}
}

@misc{crossyWiki,
  title = "Wiki de Crossy Road",
  howpublished = {\url{http://crossyroad.wikia.com/wiki/Crossy_Road_Wiki}}
}
@misc{trailerCrossy,
  title = "Trailer de Google Play de Crossy Road",
  howpublished = {\url{https://www.youtube.com/watch?v=siHkMYNMBkM}}
}

@misc{gameplayCrossy,
  title = "Gamplay de Crossy Road on es mostra la corva de dificultat",
  howpublished = {\url{https://www.youtube.com/watch?v=Out73NMtuMY}}
}


@misc{githubProjecte,
  title = "Github del projecte",
  howpublished = {\url{https://github.com/davidhm/CrossyRoad}}
}
